% Encoding: UTF-8

@article{sala07,
  title={Economic integration, growth, and poverty},
  author={Sala-i-Martin, Xavier},
  year={2007},
  publisher={IADB: Inter-American Development Bank}
}

@article{carneiroarbache03,
  title={Assessing the impacts of trade on poverty and inequality},
  author={Carneiro, Francisco Galr{\~a}o and Arbache, Jorge Saba},
  journal={Applied Economics Letters},
  volume={10},
  number={15},
  pages={989--994},
  year={2003},
  publisher={Taylor \& Francis}
}

@article{bannisterthugge01,
  title={International trade and poverty alleviation},
  author={Geoffrey J. Bannister and Kamau Thugge},
  journal={IMF Working Paper},
  volume={54},
  numer={2001},
  year={2001},
  publisher={International Monetary Fund}
}

@article{winters02,
  title={Trade liberalisation and poverty: what are the links?},
  author={Leonard Alan Winters},
  journal={World Economy},
  volume={25},
  number={9},
  pages={1339--1367},
  year={2002},
  publisher={Wiley Online Library}
}

@misc{goldbergpavcnik04,
  title={Trade, inequality, and poverty: What do we know? Evidence from recent trade liberalization episodes in developing countries},
  author={Goldberg, Pinelopi K and Pavcnik, Nina},
  year={2004},
  publisher={National Bureau of Economic Research Cambridge, Mass., USA}
}

@article{castilho12,
  title={Trade liberalization, inequality, and poverty in Brazilian states},
  author={Castilho, Marta and Men{\'e}ndez, Marta and Sztulman, Aude},
  journal={World Development},
  volume={40},
  number={4},
  pages={821--835},
  year={2012},
  publisher={Elsevier}
}

@article{borrazetal12,
  title={Distributive effects of regional trade agreements on the ‘small trading partners’: Mercosur and the case of Uruguay and Paraguay},
  author={Borraz, Fernando and Rossi, M{\'a}ximo and Ferres, Daniel},
  journal={The Journal of Development Studies},
  volume={48},
  number={12},
  pages={1828--1843},
  year={2012},
  publisher={Taylor \& Francis}
}

@article{anderson20,
  title={The impact of trade liberalisation on poverty and inequality: Evidence from CGE models},
  author={Anderson, Edward},
  journal={Journal of Policy Modeling},
  volume={42},
  number={6},
  pages={1208--1227},
  year={2020},
  publisher={Elsevier}
}

@article{estrades12,
  title={Is MERCOSUR's External Agenda Pro-Poor? An Assessment of the European Union-MERCOSUR Free-Trade Agreement on Poverty in Uruguay Applying MIRAGE},
  author={Estrades, Carmen},
  year={2012},
  publisher={IFPRI Discussion Paper 01219}
}

@article{bayarsezgin17,
  title={Trade openness, inequality and poverty in Latin American countries},
  author={Bayar, Yilmaz and Sezgin, H Funda},
  journal={Ekonomika},
  volume={96},
  number={1},
  pages={47--57},
  year={2017}
}

@article{campostimini22,
  title={Unequal trade, unequal gains: the heterogeneous impact of MERCOSUR},
  author={Campos, Rodolfo G and Timini, Jacopo},
  journal={Applied Economics},
  pages={1--15},
  year={2022},
  publisher={Taylor \& Francis}
}

@article{galianisanguinetti03,
  title={The impact of trade liberalization on wage inequality: evidence from Argentina},
  author={Galiani, Sebastian and Sanguinetti, Pablo},
  journal={Journal of development Economics},
  volume={72},
  number={2},
  pages={497--513},
  year={2003},
  publisher={Elsevier}
}

@techreport{pavcnik17,
  title={The impact of trade on inequality in developing countries},
  author={Pavcnik, Nina},
  year={2017},
  institution={National Bureau of Economic Research}
}

@article{ocde15,
  title={Inequality},
  subtitle={Improving policies to reduce inequality and poverty},
  author={OECD},
  journal={Brazil Policy Brief},
  volume={},
  number={},
  pages={},
  year={2015},
  publisher={OECD Better Policies Series}
}

@book{horridge00,
  title={ORANI-G: A general equilibrium model of the Australian economy},
  author={Horridge, Mark},
  year={2000},
  publisher={Centre of Policy Studies (CoPS)}
}

@article{tibertietal17,
  title={A top-down behaviour (TDB) microsimulation toolkit for distributive analysis},
  author={Tiberti, Luca and Cicowiez, Martin and Cockburn, John},
  journal={Partnership for Economic Policy Working Paper},
  number={2017-24},
  year={2017}
}

@article{colombo08,
  title={Linking CGE and Microsimulation Models: A Comparison of Different Approaches},
  author={Colombo, Giulia},
  journal={ZEW-Centre for European Economic Research Discussion Paper},
  number={08-054},
  year={2008}
}

@article{raihan10,
  title={Welfare and poverty impacts of trade liberalization: a dynamic CGE microsimulation analysis},
  author={Raihan, Selim},
  journal={International journal of microsimulation},
  volume={3},
  number={1},
  pages={123--126},
  year={2010}
}

@article{cicowiez16,
  title={Export Taxes, World Prices, and Poverty in Argentina: A Dynamic CGE-Microsimulation Analysis},
  author={Cicowiez, Mart{\'\i}n and Alejo, Osvaldo Javier and Di Gresia, Luciano and Olivieri, Sergio and Pachecho, Ana},
  year={2016},
  publisher={International Microsimulation Association}
}

@article{mbanda21,
  title={CGE Analysis of Rural Economic Development through Agriculture Policy in South Africa: A Focus on Poverty, Inequality, and Gender},
  author={Mbanda, Vandudzai and Ncube, Sinqobile},
  year={2021},
  publisher={Partnership for Economic Policy (PEP)}
}

@article{heckman79,
  title={Sample selection bias as a specification error},
  author={Heckman, James J},
  journal={Econometrica: Journal of the econometric society},
  pages={153--161},
  year={1979},
  publisher={JSTOR}
}

@article{johansen63,
  title={A multi-sectoral study of economic growth: Some comments},
  author={Johansen, Leif},
  journal={Economica},
  pages={174--176},
  year={1963},
  publisher={JSTOR}
}

@phdthesis{vale18,
    title    = {Comércio internacional e desigualdade de renda no Brasil},
    subtitle = {uma análise a partir do setor agrícola},
    school   = {Faculdade de Economia, Universidade Federal de Juiz de Fora},
    author   = {Vale, Vinícius de Almeida},
    year     = {2018},
}

@book{dixon82,
  title={ORANI: A multisectoral model of the Australian economy},
  author={Dixon, Peter B and Parmenter, Brian R and Sutton, John and Vincent, David P},
  volume={142},
  year={1982},
  publisher={North-Holland Amsterdam}
}

