% Encoding: UTF-8

@article{winters02,
  title={Trade liberalisation and poverty: what are the links?},
  author={Leonard Alan Winters},
  journal={World Economy},
  volume={25},
  number={9},
  pages={1339--1367},
  year={2002},
  publisher={Wiley Online Library}
}

@article{bannisterthugge01,
  title={International trade and poverty alleviation},
  author={Geoffrey J. Bannister and Kamau Thugge},
  journal={IMF Working Paper},
  volume={54},
  numer={2001},
  year={2001},
  publisher={International Monetary Fund}
}

@article{castilho12,
  title={Trade liberalization, inequality, and poverty in Brazilian states},
  author={Castilho, Marta and Men{\'e}ndez, Marta and Sztulman, Aude},
  journal={World Development},
  volume={40},
  number={4},
  pages={821--835},
  year={2012},
  publisher={Elsevier}
}

@article{anderson20,
  title={The impact of trade liberalisation on poverty and inequality: Evidence from CGE models},
  author={Anderson, Edward},
  journal={Journal of Policy Modeling},
  volume={42},
  number={6},
  pages={1208--1227},
  year={2020},
  publisher={Elsevier}
}

@misc{goldbergpavcnik04,
  title={Trade, inequality, and poverty: What do we know? Evidence from recent trade liberalization episodes in developing countries},
  author={Goldberg, Pinelopi K and Pavcnik, Nina},
  year={2004},
  journal={Brookings Institution Press},
  pages={223--269},
  publisher={Brookings Trade Forum, Globalization, Poverty, and Inequality}
}

@article{winters04,
  title={Trade liberalization and poverty: the evidence so far},
  author={Winters, L Alan and McCulloch, Neil and McKay, Andrew},
  journal={Journal of economic literature},
  volume={42},
  number={1},
  pages={72--115},
  year={2004}
}

@article{galianiporto11,
  title={Trends in Tariff Reforms and in the Structure of Wages},
  author={Galiani, Sebastian and Porto, Guido G},
  journal={The Review of Economics and Statistics},
  volume={92},
  number={3},
  pages={482--494},
  year={2011},
  publisher={The MIT Press}
}

@inbook{bruno17,
  title={De que maneira o com{\'e}rcio internacional afetou a desigualdade do trabalho na ind{\'u}stria brasileira?},
  booktitle={A pol{\'\i}tica comercial brasileira em an{\'a}lise},
  author={Ara{\'u}jo, Bruno C{\'e}sar},
  editor={Messa, Alexandre and Oliveira, Ivan Tiago Machado},
  year={2017},
  chapter={6},
  publisher={Instituto de Pesquisa Econ{\^o}mica Aplicada (Ipea)}
}

@article{borrazetal12,
  title={Distributive effects of regional trade agreements on the ‘small trading partners’: Mercosur and the case of Uruguay and Paraguay},
  author={Borraz, Fernando and Rossi, M{\'a}ximo and Ferres, Daniel},
  journal={The Journal of Development Studies},
  volume={48},
  number={12},
  pages={1828--1843},
  year={2012},
  publisher={Taylor \& Francis}
}

@article{ocde15,
  title={Inequality},
  subtitle={Improving policies to reduce inequality and poverty},
  author={OECD},
  journal={Brazil Policy Brief},
  volume={},
  number={},
  pages={},
  year={2015},
  publisher={OECD Better Policies Series}
}

@article{bittencourt10,
  title={Regional short-run effects of trade liberalization in Brazil},
  author={Bittencourt, Mauricio VL and Larson, Donald W and Kraybill, David S},
  journal={Economic Systems Research},
  volume={22},
  number={1},
  pages={65--85},
  year={2010},
  publisher={Taylor \& Francis}
}

@article{galianisanguinetti03,
  title={The impact of trade liberalization on wage inequality: evidence from Argentina},
  author={Galiani, Sebastian and Sanguinetti, Pablo},
  journal={Journal of development Economics},
  volume={72},
  number={2},
  pages={497--513},
  year={2003},
  publisher={Elsevier}
}

@book{unctad16,
  title={Trade and development report 2016: Structural transformation for sustained and inclusive growth},
  author={UNCTAD},
  year={2016},
  publisher={}
}

@book{dixonetal82,
  title={ORANI},
  subtitle={A Multisectoral Model of the Australian Economy},
  author={Dixon, Peter B. and Parmenter, Brian R. and Sutton, John and Vincent, David P.},
  year={1982},
  publisher={North-Holland Pub. Co}
}

@phdthesis{vinicius18,
  author       = {Vale, Vinícius de Almeida}, 
  title        = {Comércio Internacional e Desigualdade de Renda no Brasil: Uma Análise a partir do Setor Agrícola},
  school       = {Universidade Federal de Juiz de Fora},
  year         = {2018}
}

@article{harrison03,
  title={Trade liberalization, poverty and efficient equity},
  author={Harrison, Glenn W and Rutherford, Thomas F and Tarr, David G},
  journal={Journal of development Economics},
  volume={71},
  number={1},
  pages={97--128},
  year={2003},
  publisher={Elsevier}
}

@article{campostimini22,
  title={Unequal trade, unequal gains: the heterogeneous impact of MERCOSUR},
  author={Campos, Rodolfo G and Timini, Jacopo},
  journal={Applied Economics},
  pages={1--15},
  year={2022},
  publisher={Taylor \& Francis}
}

@article{haddad05,
  title={Sensitivity analysis in computable general equilibrium models: An Application for the Regional Effects of the Free Trade Area of the Americas (FTAA)},
  author={Domingues, Edson Paulo and Haddad, Eduardo Amaral},
  journal={Brazilian Review of Econometrics},
  volume={25},
  number={1},
  pages={115--137},
  year={2005}
}

@article{sala07,
  title={Economic integration, growth, and poverty},
  author={Sala-i-Martin, Xavier},
  year={2007},
  publisher={IADB: Inter-American Development Bank}
}

@article{ferreira06,
  title={Economic integration, poverty and regional inequality in Brazil},
  author={Ferreira Filho, Joaquim Bento de Souza and Horridge, Mark Jonathan},
  journal={Revista Brasileira de Economia},
  volume={60},
  pages={363--387},
  year={2006},
  publisher={SciELO Brasil}
}

@article{bayar17,
  title={Trade openness, inequality and poverty in Latin American countries},
  author={Bayar, Yilmaz and Sezgin, H Funda},
  journal={Ekonomika},
  volume={96},
  number={1},
  pages={47--57},
  year={2017}
}

@article{do09,
  title={Trade, inequality, and the political economy of institutions},
  author={Do, Quy-Toan and Levchenko, Andrei A},
  journal={Journal of Economic theory},
  volume={144},
  number={4},
  pages={1489--1520},
  year={2009},
  publisher={Elsevier}
}

@article{estrades12,
  title={Is MERCOSUR's External Agenda Pro-Poor? An Assessment of the European Union-MERCOSUR Free-Trade Agreement on Poverty in Uruguay Applying MIRAGE},
  author={Estrades, Carmen},
  year={2012},
  publisher={IFPRI Discussion Paper 01219}
}

@techreport{pavcnik17,
  title={The impact of trade on inequality in developing countries},
  author={Pavcnik, Nina},
  year={2017},
  institution={National Bureau of Economic Research}
}

@misc{ourworldindata,
  author={{Banco Mundial e OCDE}},
  title = {Comércio (\% do PIB) [base de dados]},
  year = {2023},
  publisher = {Processado por Our World in Data},
  note = {Acesso em: julho 2023. Disponível em: \url{https://ourworldindata.org/grapher/trade-openness}},
}

@article{soares09,
  title={Metodologias para estabelecer a linha de pobreza: objetivas, subjetivas, relativas e multidimensionais},
  author={Soares, Sergei Suarez Dillon},
  year={2009},
  publisher={Instituto de Pesquisa Econ{\^o}mica Aplicada (Ipea)}
}

@book{horridge00,
  title={ORANI-G: A general equilibrium model of the Australian economy},
  author={Horridge, Mark},
  year={2000},
  publisher={Centre of Policy Studies (CoPS)}
}

@article{tiberti17,
  title={A top-down behaviour (TDB) microsimulation toolkit for distributive analysis},
  author={Tiberti, Luca and Cicowiez, Martin and Cockburn, John},
  journal={Partnership for Economic Policy Working Paper},
  number={2017-24},
  year={2017}
}

@article{colombo08,
  title={Linking CGE and Microsimulation Models: A Comparison of Different Approaches},
  author={Colombo, Giulia},
  journal={ZEW-Centre for European Economic Research Discussion Paper},
  number={08-054},
  year={2008}
}

@article{raihan10,
  title={Welfare and poverty impacts of trade liberalization: a dynamic CGE microsimulation analysis},
  author={Raihan, Selim},
  journal={International journal of microsimulation},
  volume={3},
  number={1},
  pages={123--126},
  year={2010}
}

@article{cicowiez16,
  title={Export Taxes, World Prices, and Poverty in Argentina: A Dynamic CGE-Microsimulation Analysis},
  author={Cicowiez, Mart{\'\i}n and Alejo, Osvaldo Javier and Di Gresia, Luciano and Olivieri, Sergio and Pachecho, Ana},
  year={2016},
  publisher={International Microsimulation Association}
}

@article{mbanda21,
  title={CGE Analysis of Rural Economic Development through Agriculture Policy in South Africa: A Focus on Poverty, Inequality, and Gender},
  author={Mbanda, Vandudzai and Ncube, Sinqobile},
  year={2021},
  publisher={Partnership for Economic Policy (PEP)}
}

@incollection{figari15,
  title={Microsimulation and policy analysis},
  author={Figari, Francesco and Paulus, Alari and Sutherland, Holly},
  booktitle={Handbook of income distribution},
  volume={2},
  pages={2141--2221},
  year={2015},
  publisher={Elsevier}
}

@article{heckscher49,
  title={The effect of foreign trade on the distribution of income 1919},
  author={Heckscher, Eli},
  journal={Readings in the theory of international trade},
  pages={272--300},
  year={1949},
  publisher={Blakiston Filadelfia}
}

@article{ohlin67,
  title={Interregional and international trade},
  author={Ohlin, Bertil},
  year={1967},
  publisher={Mass., Harvard University Press}
}

@article{stolper41,
  title={Protection and real wages},
  author={Stolper, Wolfgang F and Samuelson, Paul A},
  journal={The Review of Economic Studies},
  volume={9},
  number={1},
  pages={58--73},
  year={1941},
  publisher={Wiley-Blackwell}
}

@article{kolben21,
  title={Compensation and its Limits: Can Trade’s Losers be Made Whole?},
  author={Kolben, Kevin},
  journal={Journal of International Economic Law},
  volume={24},
  number={4},
  pages={683--702},
  year={2021},
  publisher={Oxford University Press UK}
}

@book{irwin98,
  title={Against the tide: An intellectual history of free trade},
  author={Irwin, Douglas A},
  year={1998},
  publisher={Princeton University Press}
}

@incollection{atkin22,
  title={The role of trade in economic development},
  author={Atkin, David and Donaldson, Dave},
  booktitle={Handbook of International Economics},
  volume={5},
  pages={1--59},
  year={2022},
  publisher={Elsevier}
}

@article{anderson16,
  title={Trade liberalization, growth, and FDI: A structural estimation framework},
  author={Anderson, James E and Larch, Mario and Yotov, Yoto V},
  journal={Boston College and NBER},
  volume={77},
  pages={2016},
  year={2016}
}

@article{dix17,
  title={Trade liberalization and regional dynamics},
  author={Dix-Carneiro, Rafael and Kovak, Brian K},
  journal={American Economic Review},
  volume={107},
  number={10},
  pages={2908--2946},
  year={2017},
  publisher={American Economic Association 2014 Broadway, Suite 305, Nashville, TN 37203}
}

@article{gnangnon18,
  title={Multilateral trade liberalization and economic growth},
  author={Gnangnon, S{\`e}na Kimm},
  journal={Journal of Economic Integration},
  volume={33},
  number={2},
  pages={1261--1301},
  year={2018},
  publisher={JSTOR}
}

@article{bargain14,
  title={The informal sector wage gap: New evidence using quantile estimations on panel data},
  author={Bargain, Olivier and Kwenda, Prudence},
  journal={Economic Development and Cultural Change},
  volume={63},
  number={1},
  pages={117--153},
  year={2014},
  publisher={University of Chicago Press Chicago, IL}
}

@article{banerjee04,
  title={Inequality},
  author={Banerjee, Abhijit and Newman, Andrew},
  journal={Growth and Trade Policy. mimeo: MIT},
  year={2004}
}

@article{xu03,
  title={Trade liberalization, wage inequality, and endogenously determined nontraded goods},
  author={Xu, Bin},
  journal={Journal of International Economics},
  volume={60},
  number={2},
  pages={417--431},
  year={2003},
  publisher={Elsevier}
}

@book{hoffmann19,
title   = {Distribuição de renda: medidas de desigualdade, pobreza, concentração, segregação e polarização},
author = {Hoffmann, Rodolfo and Botassio, Diego Camargo and Jesus, Josimar Gonçalves de},
year = {2019},
publisher = {Edusp},
address   = {São Paulo}
}

@incollection{neri06,
  title={Desigualdade, estabilidade e bem-estar social},
  author={Neri, Marcelo},
  booktitle={Desigualdade de renda no Brasil: uma an{\'a}lise da queda recente},
  editor={Barro, Ricardo Paes de and Foguel, Miguel Nathan and Ulyssea, Gabriel},
  volume={1},
  pages={129--161},
  year={2006},
  address   = {Bras{\'i}lia},
  publisher={Instituto de Pesquisa Econ{\^o}mica Aplicada (Ipea)}
}

@techreport{melitz21,
  title={Trade and innovation},
  author={Melitz, Marc J and Redding, Stephen J},
  year={2021},
  institution={National bureau of economic research}
}

@incollection{borjas94,
  title={The relationship between wage inequality and international trade},
  author={Borjas, George J and Ramey, Valerie A},
  booktitle={Contributions to Economic Analysis},
  volume={223},
  pages={217--241},
  year={1994},
  publisher={Elsevier}
}

@article{adao22,
  title={Imports, exports, and earnings inequality: Measures of exposure and estimates of incidence},
  author={Adao, Rodrigo and Carrillo, Paul and Costinot, Arnaud and Donaldson, Dave and Pomeranz, Dina},
  journal={The Quarterly Journal of Economics},
  volume={137},
  number={3},
  pages={1553--1614},
  year={2022},
  publisher={Oxford University Press}
}

@article{forbes01,
  title={Skill classification does matter: estimating the relationship between trade flows and wage inequality},
  author={Forbes, Kristin J},
  journal={Journal of International Trade \& Economic Development},
  volume={10},
  number={2},
  pages={175--209},
  year={2001},
  publisher={Taylor \& Francis}
}

@book{dixit80,
  title={Theory of international trade: A dual, general equilibrium approach},
  author={Dixit, Avinash and Norman, Victor},
  year={1980},
  publisher={Cambridge University Press}
}

@article{porto06,
  title={Using survey data to assess the distributional effects of trade policy},
  author={Porto, Guido G},
  journal={Journal of International Economics},
  volume={70},
  number={1},
  pages={140--160},
  year={2006},
  publisher={Elsevier}
}

@book{porto03,
  title={Trade reforms, market access and poverty in Argentina},
  author={Porto, Guido G},
  volume={3135},
  year={2003},
  publisher={World Bank Publications}
}

@incollection{carneiro06,
  title={The impact of trade openness on employment, poverty and inequality},
  author={Carneiro, Francisco Galrão and Arbache, Jorge Saba},
  booktitle={Who Gains from Free Trade? Export-led growth, inequality and poverty in Latin America},
  editor={Vos, Rob and Ganuza, Enrique and Morley, Samuel and Robinson, Sherman},
  volume={1},
  pages={184--203},
  year={2006},
  publisher={Routledge}
}

@article{robinson99,
  title={From stylized to applied models:: Building multisector CGE models for policy analysis},
  author={Robinson, Sherman and Y{\`u}nez-Naude, Antonio and Hinojosa-Ojeda, Ra{\`u}l and Lewis, Jeffrey D and Devarajan, Shantayanan},
  journal={The North American Journal of Economics and Finance},
  volume={10},
  number={1},
  pages={5--38},
  year={1999},
  publisher={Elsevier}
}

@incollection{ganuza07,
  title={Are export promotion and trade liberalization good for Latin America's poor?: A comparative macro--micro CGE analysis},
  author={Ganuza, Enrique and Morley, Samuel and Robinson, Sherman and Pineiro, Valeria and Vos, Rob},
  booktitle={Who Gains from Free Trade? Export-led growth, inequality and poverty in Latin America},
  pages={55--124},
  year={2006},
  publisher={Routledge}
}

@article{arkolakis21,
  title={New trade models, same old gains?},
  author={Arkolakis, Costas and Costinot, Arnaud and Rodr{\'\i}guez-Clare, Andr{\'e}s},
  journal={American Economic Review},
  volume={102},
  number={1},
  pages={94--130},
  year={2012},
  publisher={American Economic Association}
}

@book{corong12,
  title={PHILGEM: A SAM-based computable general equilibrium model of the Philippines},
  author={Corong, Erwin L and Horridge, Mark},
  year={2012},
  publisher={Centre of Policy Studies (CoPS)}
}

@phdthesis{corong14,
  title={Tariff elimination, gender and poverty in the Philippines: A computable general equilibrium (CGE) microsimulation analysis},
  author={Corong, Erwin L},
  year={2014},
  school={Monash University}
}

@article{armington69,
  title={A Theory of Demand for Products Distinguished by Place of Production (Une th{\'e}orie de la demande de produits diff{\'e}renci{\'e}s d'apr{\`e}s leur origine)(Una teor{\'\i}a de la demanda de productos distingui{\'e}ndolos seg{\'u}n el lugar de producci{\'o}n)},
  author={Armington, Paul S},
  journal={Staff Papers-International Monetary Fund},
  pages={159--178},
  year={1969},
  publisher={JSTOR}
}

@article{horridge03,
  title={ORANI-G: A generic single-country computable general equilibrium model},
  author={Horridge, Mark},
  journal={Centre of Policy Studies and Impact Project, Monash University, Australia},
  year={2003}
}

@misc{scn,
  author={{Instituto Brasileiro de Geografia e Estatística}},
  shortauthor = {IBGE},
  title = {Sistema de Contas Nacionais (SCN)},
  year = {2015},
  publisher = {Estat{\'\i}sticas},
  address = {Bras{\'\i}lia},
  note = {Acesso em: julho 2023. Disponível em: \url{https://www.ibge.gov.br/estatisticas/economicas/contas-nacionais.html}},
}

@misc{pof,
  author={{Instituto Brasileiro de Geografia e Estatística}},
  shortauthor = {IBGE},
  title = {Pesquisa de Orçamento Familiar (POF)},
  year = {2009},
  publisher = {Estat{\'\i}sticas},
  address = {Bras{\'\i}lia},
  note = {Acesso em: julho 2023. Disponível em: \url{https://www.ibge.gov.br/estatisticas/sociais/saude/24786-pesquisa-de-orcamentos-familiares-2.html}},
}

@misc{pnad,
  author={{Instituto Brasileiro de Geografia e Estatística}},
  shortauthor = {IBGE},
  title = {Pesquisa Nacional por Amostragem de Domicílio (PNAD)},
  year = {2015},
  publisher = {Estat{\'\i}sticas},
  address = {Bras{\'\i}lia},
  note = {Acesso em: julho 2023. Disponível em: \url{https://www.ibge.gov.br/estatisticas/sociais/populacao/9127-pesquisa-nacional-por-amostra-de-domicilios.html}},
}

@article{klevmarken22,
  title={Dynamic Microsimulation for Policy Analysis. Problems and Solutions},
  author={Klevmarken, Anders},
  journal={International Journal of Microsimulation},
  volume={15},
  number={1},
  pages={121--134},
  year={2022},
  publisher={International Microsimulation Association}
}

@article{ganuza02,
  title={Labour market adjustment, poverty and inequality during liberalisation},
  author={Ganuza, Enrique and de Barros, Ricardo Paes and Vos, Rob},
  journal={Economic Liberalisation, Distribution and Poverty: Latin America in the 1990s},
  pages={54--88},
  year={2002},
  publisher={Cheltenham (UK) and Northampton (US): Edward Elgar Publishers}
}

@article{heckman79,
  title={Sample selection bias as a specification error},
  author={Heckman, James J},
  journal={Econometrica: Journal of the econometric society},
  pages={153--161},
  year={1979},
  publisher={JSTOR}
}

@article{thorbecke22,
  title={Towards a virtuous spiral between poverty reduction and growth: Comparing sub Saharan Africa with the developing world},
  author={Thorbecke, Erik and Ouyang, Yusi},
  journal={World Development},
  volume={152},
  pages={105776},
  year={2022},
  publisher={Elsevier}
}

@article{ravallion04,
  title={Pro-poor growth: A primer},
  author={Ravallion, Martin},
  journal={World Bank Policy Research Working Paper nº 3242},
  year={2004}
}

@article{domingues08,
  title={Sensitivity analysis in applied general equilibrium models: An empirical assessment for MERCOSUR free trade areas agreements},
  author={Domingues, Edson P and Haddad, Eduardo A and Hewings, Geoffrey},
  journal={The Quarterly Review of Economics and Finance},
  volume={48},
  number={2},
  pages={287--306},
  year={2008},
  publisher={Elsevier}
}

@article{perobelli17,
  title={Impactos Econ{\^o}micos do aumento das exporta{\c{c}}{\~o}es brasileiras de produtos agr{\'\i}colas e agroindustriais para diferentes destinos},
  author={Perobelli, Fernando Salgueiro and Betarelli, Admir Antonio and Vale, Vinicius de Almeida and Cunha, Ramon Goulart},
  journal={Revista de Economia e Sociologia Rural},
  volume={55},
  pages={343--366},
  year={2017},
  publisher={SciELO Brasil}
}

@misc{inep04,
  title={Dicion{\'a}rio de Indicadores Educacionais},
  author={{Instituto Nacional de Estudos e Pesquisas Educacionais An{\'\i}sio Teixeira}},
  shortauthor={INEP},
  publisher={O Instituto},
  address={Bras{\'\i}lia},
  year={2004}
}


@article{tiberti17m,
  title={A Top-Down Behaviour (TB) Microsimulation Toolkit for Distributive Analysis: A Manual},
  author={Tiberti, Luca and Cicowiez, Martin and Cockburn, John},
  journal={Canada: Partnership for Economic Policy},
  year={2017}
}

@article{adelman78,
  title={Income distribution policy in developing countries: A case study of Korea},
  author={Adelman, Irma and Robinson, Sherman and others},
  journal={Oxford University Press for the World Bank},
  year={1978}
}

@article{bourguignon05,
  title={Representative versus real households in the macroeconomic modeling of inequality},
  author={Bourguignon, Fran{\c{c}}ois and Robilliard, Anne-Sophie and Robinson, Sherman},
  journal={Frontiers in Applied General Equilibrium Modeling: In Honor of Herbert Scarf},
  pages={219--254},
  year={2005},
  publisher={Cambridge University Press Cambridge}
}

@phdthesis{souza15,
  title={Impactos econ{\^o}micos da participa{\c{c}}{\~a}o da mulher no mercado detrabalho brasileiro: uma an{\'a}lise de equil{\'\i}brio geral},
  author={de Souza, Kenia Barreiro},
  year={2015},
  school={Universidade Federal de Minas Gerais},
  address={Belo Horizonte, MG},
}

@article{cury16,
  title={Cash transfer policies, taxation and the fall in inequality in Brazil an integrated microsimulation-CGE analysis},
  author={Cury, Samir and Pedrozo Junior, Euclides and Coelho, Allexandro Mori},
  year={2016},
  publisher={International Microsimulation Association}
}

@article{vinhais06,
  title={Pobreza relativa ou absoluta? A linha h{\'\i}brida de pobreza no Brasil},
  author={Vinhais, Henrique and Souza, Andr{\'e} and others},
  journal={Encontro Nacional de Economia},
  volume={34},
  year={2006},
  publisher={Anpec Salvador}
}

@article{sen83,
  title={Poor, relatively speaking},
  author={Sen, Amartya},
  journal={Oxford economic papers},
  volume={35},
  number={2},
  pages={153--169},
  year={1983},
  publisher={Oxford University Press}
}

@book{kraay04,
  title={When is growth pro-poor?: cross-country evidence},
  author={Kraay, Aart},
  volume={3225},
  year={2004},
  publisher={World Bank Publications}
}

@misc{heckman00,
  title={The cost of job security regulation: Evidence from Latin American labor markets},
  author={Heckman, James J and Pag{\'e}s, Carmen},
  year={2000},
  publisher={National bureau of economic research Cambridge, Mass., USA}
}

@inproceedings{harrison03,
  title={Globalization's impact on compliance with labor standards [with comments and discussion]},
  author={Harrison, Ann and Scorse, Jason and Collins, Susan and Elliott, Kimberly Ann},
  booktitle={Brookings trade forum},
  pages={45--96},
  year={2003},
  organization={JSTOR}
}

@article{hay01,
  title={The Post-1990 Brazilian Trade Liberalisation and the Performance of Large Manufacturing Firms: Productivity, Market Share and Profits},
  author={Hay, Donald A},
  journal={The Economic Journal},
  volume={111},
  number={473},
  pages={620--641},
  year={2001},
  publisher={Wiley Online Library}
}

@article{pavcnik04,
  title={Trade liberalization and industry wage structure: Evidence from Brazil},
  author={Pavcnik, Nina and Blom, Andreas and Goldberg, Pinelopi and Schady, Norbert},
  journal={The World Bank Economic Review},
  volume={18},
  number={3},
  pages={319--344},
  year={2004},
  publisher={Oxford University Press}
}

@article{goldberg03,
  title={The response of the informal sector to trade liberalization},
  author={Goldberg, Pinelopi Koujianou and Pavcnik, Nina},
  journal={Journal of development Economics},
  volume={72},
  number={2},
  pages={463--496},
  year={2003},
  publisher={Elsevier}
}

@article{lundberg03,
  title={The simultaneous evolution of growth and inequality},
  author={Lundberg, Mattias and Squire, Lyn},
  journal={The economic journal},
  volume={113},
  number={487},
  pages={326--344},
  year={2003},
  publisher={Oxford University Press Oxford, UK}
}

@article{jones65,
  title={The structure of simple general equilibrium models},
  author={Jones, Ronald W},
  journal={Journal of political Economy},
  volume={73},
  number={6},
  pages={557--572},
  year={1965},
  publisher={The University of Chicago Press}
}

@article{naranpanawa11,
  title={Trade and poverty nexus: A case study of Sri Lanka},
  author={Naranpanawa, Athula and Bandara, Jayatilleke S and Selvanathan, Saroja},
  journal={Journal of Policy Modeling},
  volume={33},
  number={2},
  pages={328--346},
  year={2011},
  publisher={Elsevier}
}

@phdthesis{corong14,
  title={Tariff elimination, gender and poverty in the Philippines: A computable general equilibrium (CGE) microsimulation analysis},
  author={Corong, Erwin L},
  year={2014},
  school={Monash University}
}

@article{fgt84,
  title={A class of decomposable poverty measures},
  author={Foster, James and Greer, Joel and Thorbecke, Erik},
  journal={Econometrica: journal of the econometric society},
  pages={761--766},
  year={1984},
  publisher={JSTOR}
}

